@book{Hajdu2014,
  author    = {Hajdu Miklós},
  title     = {Projektmenedzsment},
  year      = {2014},
  publisher = {Akadémiai Kiadó},
  address   = {Budapest},
  isbn      = {9789634540181}
}

@book{Szalay2018,
  author    = {Szalay Imre},
  title     = {Projektmenedzsment alapok: módszertan és gyakorlat},
  year      = {2018},
  publisher = {Budapesti Műszaki és Gazdaságtudományi Egyetem},
  address   = {Budapest},
  isbn      = {9789633133377}
}

@book{Kovacs2016,
  author    = {Kovács Gábor},
  title     = {Projektmenedzsment a gyakorlatban},
  year      = {2016},
  publisher = {Typotex Kiadó},
  address   = {Budapest},
  isbn      = {9789632798201}
}

@book{Simon2015,
  author    = {Simon István},
  title     = {Modern projektmenedzsment módszertanok},
  year      = {2015},
  publisher = {Complex Kiadó},
  address   = {Budapest},
  isbn      = {9789632972435}
}

@book{Kaposi2019,
  author    = {Kaposi József},
  title     = {Agilis és hagyományos projektmenedzsment: elmélet és gyakorlat},
  year      = {2019},
  publisher = {Budapesti Corvinus Egyetem Kiadó},
  address   = {Budapest},
  isbn      = {9789635301293}
}
